<?xml version="1.0" encoding="UTF-8"?><collection xmlns="http://www.loc.gov/MARC21/slim"><record><leader>00415nam--2200133-i-4500</leader><controlfield tag="001">000001170</controlfield><controlfield tag="002">20161230</controlfield><controlfield tag="005">20161230201024</controlfield><controlfield tag="008">060222s1000------------r-----000-0-eng-d</controlfield><datafield ind1=" " ind2=" " tag="080"><subfield code="a">547</subfield></datafield><datafield ind1=" " ind2=" " tag="100"><subfield code="a">Henderson, R.B./S.A.</subfield></datafield><datafield ind1=" " ind2=" " tag="245"><subfield code="a">Problems in organic chemistry. englewood cliffs, n.j. prentice-hall, inc., 1968. xiii + 220 p</subfield></datafield><datafield ind1=" " ind2=" " tag="260"><subfield code="a">Prentice-hall Foundations Of Modern Organic Chemistry Series</subfield></datafield><datafield ind1=" " ind2=" " tag="852"><subfield code="a">30436</subfield></datafield></record></collection>